
@book{WSNbook,
 editor = {Kazem Sohraby, Daniel Minoli, Taieb Zanti},
 title = {Wireless sensor networks},
 year = {2007},
 isbn = {978-0-471-74300-2},
 publisher = {John Wiley and Sons, Inc., Publication },
 address = {Hoboken, NJ, USA},
 }

@inproceedings{exploration06,
 author = {Massaguer, Daniel and Fok, Chien-Liang and Venkatasubramanian, Nalini and Roman, Gruia-Catalin and Lu, Chenyang},
 title = {Exploring Sensor Networks Using Mobile Agents},
 booktitle = {Proceedings of the Fifth International Joint Conference on Autonomous Agents and Multiagent Systems},
 series = {AAMAS '06},
 year = {2006},
 isbn = {1-59593-303-4},
 location = {Hakodate, Japan},
 pages = {323--325},
 numpages = {3},
 url = {http://doi.acm.org/10.1145/1160633.1160688},
 doi = {10.1145/1160633.1160688},
 acmid = {1160688},
 publisher = {ACM},
 address = {New York, NY, USA},
 keywords = {(multi-)agent planning, applications of autonomous agents and multi-agent systems, mobile agents, performance evaluation of agent systems},
} 

@article{boren1989,
  title={Real-time obstacle avoidance for fast mobile robots},
  author={Borenstein, Johann and Koren, Yoram},
  journal={Systems, Man and Cybernetics, IEEE Transactions on},
  volume={19},
  number={5},
  pages={1179--1187},
  year={1989},
  publisher={IEEE}
}

@incollection{johnson1996dynamic,
  title={Dynamic source routing in ad hoc wireless networks},
  author={Johnson, David B and Maltz, David A},
  booktitle={Mobile computing},
  pages={153--181},
  year={1996},
  publisher={Springer}
}


@article{Lee,
 author = {Lee, Sookyoung and Younis, Mohamed},
 title = {Recovery from Multiple Simultaneous Failures in Wireless Sensor Networks Using Minimum Steiner Tree},
 journal = {J. Parallel Distrib. Comput.},
 issue_date = {May, 2010},
 volume = {70},
 number = {5},
 month = may,
 year = {2010},
 issn = {0743-7315},
 pages = {525--536},
 numpages = {12},
 url = {http://dx.doi.org/10.1016/j.jpdc.2009.12.004},
 doi = {10.1016/j.jpdc.2009.12.004},
 acmid = {1752815},
 publisher = {Academic Press, Inc.},
 address = {Orlando, FL, USA},
 keywords = {Connectivity restoration, Network partitions, Relay node placement, Wireless sensor networks},
} 

@inproceedings{Dini,
 author = {Dini, Gianluca and Pelagatti, Marco and Savino, Ida Maria},
 title = {An Algorithm for Reconnecting Wireless Sensor Network Partitions},
 booktitle = {Proceedings of the 5th European Conference on Wireless Sensor Networks},
 series = {EWSN'08},
 year = {2008},
 isbn = {3-540-77689-3, 978-3-540-77689-5},
 location = {Bologna, Italy},
 pages = {253--267},
 numpages = {15},
 url = {http://dl.acm.org/citation.cfm?id=1786014.1786036},
 acmid = {1786036},
 publisher = {Springer-Verlag},
 address = {Berlin, Heidelberg},
} 

@INPROCEEDINGS{5541668,
author={Shuguang Xiong and Jianzhong Li},
booktitle={Distributed Computing Systems (ICDCS), 2010 IEEE 30th International Conference on},
title={An Efficient Algorithm for Cut Vertex Detection in Wireless Sensor Networks},
year={2010},
month={June},
pages={368-377},
keywords={CADCAM;Computer aided manufacturing;Cost function;Data communication;Delay effects;Distributed algorithms;Distributed computing;Network topology;Routing;Wireless sensor networks;cut vertex detection;energy efficiency;topology discovery;wireless sensor networks},
doi={10.1109/ICDCS.2010.38},
ISSN={1063-6927},}

@inproceedings{monitoring,
	address = {New York, NY, USA},
	author = {Mainwaring, Alan and Culler, David and Polastre, Joseph and Szewczyk, Robert and Anderson, John},
	booktitle = {WSNA '02: Proceedings of the 1st ACM international workshop on Wireless sensor networks and applications},
	doi = {10.1145/570738.570751},
	isbn = {1581135890},
	pages = {88--97},
	posted-at = {2009-01-23 10:33:11},
	priority = {2},
	publisher = {ACM},
	title = {Wireless sensor networks for habitat monitoring},
	url = {http://dx.doi.org/10.1145/570738.570751},
	year = {2002}
}

@INPROCEEDINGS{5355102,
author={Namboothiri, P.G. and Sivalingam, K.M.},
booktitle={Local Computer Networks, 2009. LCN 2009. IEEE 34th Conference on}, title={Performance of a multi-channel MAC protocol based on IEEE 802.15.4 radio},
year={2009},
month={oct.},
volume={},
number={},
pages={313 -316},
keywords={IEEE 802.15.4 radio;MicaZ mote;TelosB mote;control channel congestion;multichannel MAC protocol;multichannel medium access control protocols;radio transceiver;wireless sensor network nodes;access protocols;personal area networks;wireless sensor networks;},
doi={10.1109/LCN.2009.5355102},
ISSN={},}


@Article{wifi,
AUTHOR = {Chen, Min and Lai, Chin-Feng and Wang, Honggang},
TITLE = {Mobile multimedia sensor networks: architecture and routing},
JOURNAL = {EURASIP Journal on Wireless Communications and Networking},
VOLUME = {2011},
YEAR = {2011},
NUMBER = {1},
PAGES = {159},
URL = {http://jwcn.eurasipjournals.com/content/2011/1/159},
DOI = {10.1186/1687-1499-2011-159},
ISSN = {1687-1499}}

@INPROCEEDINGS{DataMULE,
author={Shah, R.C. and Roy, S. and Jain, S. and Brunette, W.},
booktitle={Sensor Network Protocols and Applications, 2003. Proceedings of the First IEEE. 2003 IEEE International Workshop on},
title={Data MULEs: modeling a three-tier architecture for sparse sensor networks},
year={2003},
month={May},
pages={30-41},
keywords={mobile computing;sensor fusion;transceivers;wireless LAN;access points;buffer capacities;data MULEs;data success rate;mobile entities;performance metrics;sparse sensor networks;system variables;three-tier architecture;two-dimensional random walk;Analytical models;Base stations;Capacitive sensors;Costs;Data analysis;Delay;Monitoring;Power system modeling;Telecommunication traffic;Wireless sensor networks},
doi={10.1109/SNPA.2003.1203354},}

@article{BAP,
  title={A note on assignment problems},
  author={Page, ES},
  journal={The Computer Journal},
  volume={6},
  number={3},
  pages={241--243},
  year={1963},
  publisher={Br Computer Soc}
}

@INPROCEEDINGS{Msink,
author={Fei Yin and Zhenhong Li and Haifeng Wang},
booktitle={Consumer Communications and Networking Conference (CCNC), 2013 IEEE},
title={Energy-efficient data collection in multiple mobile gateways WSN-MCN convergence system},
year={2013},
month={Jan},
pages={271-276},
keywords={cellular radio;internetworking;mobile radio;wireless sensor networks;UE;WSN air-interface;balance energy expenditure reduction;energy consumption;energy-efficient data collection;mobile cellular network;multiple mobile gateway WSN-MCN convergence system;multiple mobile sink energy-efficient data collection scheme;supervisory control;user equipments;wireless sensor network;MCN;WSN;convergence;data delivery;energy saving;mobile UEs},
doi={10.1109/CCNC.2013.6488457},}

@INPROCEEDINGS{Msink2,
author={Soliman, M.S. and Fahmy, H.M.A and Salem, AE.},
booktitle={Advanced Information Networking and Applications (AINA), 2013 IEEE 27th International Conference on},
title={ABRM: In-Network Aggregation Based Routing Protocol for Mobile Sensor Networks with Multiple Mobile Sinks},
year={2013},
month={March},
pages={340-347},
keywords={mobile radio;routing protocols;wireless sensor networks;ABRM routing protocol;PDA;WSN applications;in-network aggregation based routing protocol;mobile sensor networks;multiple mobile sinks;personal digitals assistants;power consumption reduction;routing cost reduction;sensors data collection;wireless sensor networks;WSN;aggregation;content;context;mobility;routing},
doi={10.1109/AINA.2013.39},
ISSN={1550-445X},}

@inproceedings{wsnexplore,
 author = {Massaguer, Daniel and Fok, Chien-Liang and Venkatasubramanian, Nalini and Roman, Gruia-Catalin and Lu, Chenyang},
 title = {Exploring Sensor Networks Using Mobile Agents},
 booktitle = {Proceedings of the Fifth International Joint Conference on Autonomous Agents and Multiagent Systems},
 series = {AAMAS '06},
 year = {2006},
 isbn = {1-59593-303-4},
 location = {Hakodate, Japan},
 pages = {323--325},
 numpages = {3},
 url = {http://doi.acm.org/10.1145/1160633.1160688},
 doi = {10.1145/1160633.1160688},
 acmid = {1160688},
 publisher = {ACM},
 address = {New York, NY, USA},
 keywords = {(multi-)agent planning, applications of autonomous agents and multi-agent systems, mobile agents, performance evaluation of agent systems},
} 

@article{Senturk2014487,
title = "Relay placement for restoring connectivity in partitioned wireless sensor networks under limited information ",
journal = "Ad Hoc Networks ",
volume = "13, Part B",
number = "0",
pages = "487 - 503",
year = "2014",
note = "",
issn = "1570-8705",
doi = "http://dx.doi.org/10.1016/j.adhoc.2013.09.005",
url = "http://www.sciencedirect.com/science/article/pii/S1570870513002084",
author = "Izzet F. Senturk and Kemal Akkaya and Sabri Yilmaz",
keywords = "Connectivity restoration",
keywords = "Partitioned \{WSNs\}",
keywords = "Relay node placement",
keywords = "Game Theory",
keywords = "Limited information "
}

@article{Sheng2006945,
title = "Distributed multi-robot coordination in area exploration ",
journal = "Robotics and Autonomous Systems ",
volume = "54",
number = "12",
pages = "945 - 955",
year = "2006",
note = "",
issn = "0921-8890",
doi = "http://dx.doi.org/10.1016/j.robot.2006.06.003",
url = "http://www.sciencedirect.com/science/article/pii/S092188900600114X",
author = "Weihua Sheng and Qingyan Yang and Jindong Tan and Ning Xi",
keywords = "Multi-robot coordination",
keywords = "Exploration "
}

@inproceedings{dolagh2011new,
  title={New Approximation Algorithm for Minimum Steiner Tree Problem},
  author={Dolagh, Safar Vafadar and Moazzami, Dara},
  booktitle={International Mathematical Forum},
  volume={6},
  number={53},
  pages={2625--2636},
  year={2011}
}


@INPROCEEDINGS{5359635,
author={de Hoog, J. and Cameron, S. and Visser, A.},
booktitle={Future Computing, Service Computation, Cognitive, Adaptive, Content, Patterns, 2009. COMPUTATIONWORLD '09. Computation World:},
title={Role-Based Autonomous Multi-robot Exploration},
year={2009},
month={Nov},
pages={482-487},
keywords={mobile robots;multi-agent systems;multi-robot systems;exploration strategy;mobile robots;multi-agent systems;multi-robot exploration algorithms;rescue robots;role-based behavior;Intelligent robots;Intelligent systems;Laboratories;Measurement;Mobile communication;Mobile robots;Multiagent systems;Robot kinematics;Robustness;Service robots;limited communication;multi-agent systems;robotic exploration;role-based behaviour;search and rescue robots},
doi={10.1109/ComputationWorld.2009.14},}

@INPROCEEDINGS{valuemob,
    author = {Matthew Powers and Tucker Balch and Borg Lab},
    title = {Value-based communication preservation for mobile robots},
    booktitle = {in 7th International Symposium on Distributed Autonomous Robotic Systems},
    year = {2004}
}

@INPROCEEDINGS{1026963,
author={Arkin, R.C. and Diaz, J.},
booktitle={Advanced Motion Control, 2002. 7th International Workshop on},
title={Line-of-sight constrained exploration for reactive multiagent robotic teams},
year={2002},
month={},
pages={455-461},
keywords={industrial robots;mobile robots;multi-agent systems;self-adjusting systems;MissionLab multiagent mission specification system;anchored wander;behavioral strategies;building exploration;control design;control simulation;informed exploration;line-of-sight constrained exploration;quadrant-biased anchored wander;reactive multiagent robotic teams;self-organisation;Biohazards;Communication channels;Computer vision;Context;Educational institutions;Laboratories;Mobile communication;Mobile robots;Robot sensing systems;Testing},
doi={10.1109/AMC.2002.1026963},}
@article{bai2004survey,
  title={A survey of mobility models},
  author={Bai, Fan and Helmy, Ahmed},
  journal={Wireless Adhoc Networks. University of Southern California, USA},
  volume={206},
  year={2004}
}

@ARTICLE{5184822,
author={Akkaya, K. and Senel, F. and Thimmapuram, A. and Uludag, S.},
journal={Computers, IEEE Transactions on},
title={Distributed Recovery from Network Partitioning in Movable Sensor/Actor Networks via Controlled Mobility},
year={2010},
month={Feb},
volume={59},
number={2},
pages={258-271},
keywords={distributed algorithms;mobile computing;system recovery;telecommunication network management;wireless sensor networks;MDAPRA;PADRA;connectivity restoration process;controlled mobility;data aggregation;data exchange;data relay;movable actor networks;movable sensor networks;movable wireless networks;network connectivity;network partitioning;node failure;partition detection and recovery algorithm;sink node;Collaboration;Computer science;Fault tolerance;Fires;Landmine detection;Monitoring;Physics;Relays;Robot kinematics;Robot sensing systems;Underwater tracking;Wireless sensor networks;Movable sensors and actors;connectivity;fault tolerance;node failure;partitioning.;relocation},
doi={10.1109/TC.2009.120},
ISSN={0018-9340},}

@article{Younis2008621,
title = "Strategies and techniques for node placement in wireless sensor networks: A survey ",
journal = "Ad Hoc Networks ",
volume = "6",
number = "4",
pages = "621 - 655",
year = "2008",
note = "",
issn = "1570-8705",
doi = "http://dx.doi.org/10.1016/j.adhoc.2007.05.003",
url = "http://www.sciencedirect.com/science/article/pii/S1570870507000984",
author = "Mohamed Younis and Kemal Akkaya",
keywords = "Node placement",
keywords = "Positioning",
keywords = "Wireless sensor networks",
keywords = "Node relocation "
}


@INPROCEEDINGS{satellite,
author={Gerla, M. and Kaixin Xu},
booktitle={Vehicular Technology Conference, 2004. VTC 2004-Spring. 2004 IEEE 59th},
title={Integrating mobile swarms with large-scale sensor networks using satellites},
year={2004},
month={May},
volume={5},
pages={2816-2820 Vol.5},
keywords={mobile satellite communication;multimedia communication;telecommunication network routing;wireless sensor networks;command centers;hot spots;large-scale sensor networks;mobile swarms;multimedia streams;networking throughput;routing scheme;satellite communication;Bandwidth;Cameras;Hardware;Large scale integration;Large-scale systems;Military satellites;Satellite broadcasting;Streaming media;Unmanned aerial vehicles;Wireless sensor networks},
doi={10.1109/VETECS.2004.1391436},
ISSN={1550-2252},}

@ARTICLE{Moanchor,
author={Chia-Ho Ou},
journal={Sensors Journal, IEEE},
title={A Localization Scheme for Wireless Sensor Networks Using Mobile Anchors With Directional Antennas},
year={2011},
month={July},
volume={11},
number={7},
pages={1607-1616},
keywords={Global Positioning System;directive antennas;mobile radio;wireless sensor networks;GPS;beacon messages;directional antennas;mobile anchor node;ns-2 network simulator;range-free localization scheme;sensor nodes;transmission range;wireless sensor networks;Directional antennas;Directive antennas;Global Positioning System;Mobile communication;Sensors;Wireless sensor networks;Directional antennas;localization;mobile anchor nodes;wireless sensor networks},
doi={10.1109/JSEN.2010.2102748},
ISSN={1530-437X},}

@INPROCEEDINGS{cellular,
author={Yujie Zhang and Sale Hui},
booktitle={Computer Science and Electronics Engineering (ICCSEE), 2012 International Conference on},
title={The Design of Network Coordinator Based on ZigBee and GPRS Technology},
year={2012},
month={March},
volume={2},
pages={40-43},
keywords={Zigbee;cellular radio;data communication;monitoring;packet radio networks;telecommunication network management;GPRS technology;LPC2119;ZigBee network management;data communications;remote monitoring;uC/OS-II;wireless network coordinator;Data communication;GSM;Ground penetrating radar;Monitoring;Protocols;Wireless networks;Zigbee;Coordinator;Embeded system;GRPS;Wireless network;ZigBee},
doi={10.1109/ICCSEE.2012.418},}

@MISC{IEEE802.11,
title={\textsc{IEEE} 802.11: WIRELESS LOCAL AREA NETWORKS. \textsc{URL}: http://standards.ieee.org/about/get/802/802.11.html},
url={http://standards.ieee.org/about/get/802/802.11.html},
}

@MISC{TelosB,
title={Crossbow \textsc{T}elos\textsc{B} mote specification. \textsc{URL}: http://www.xbow.com/},
url={http://www.xbow.com/},
}

@INPROCEEDINGS{fontier97,
author={Yamauchi, B.},
booktitle={Computational Intelligence in Robotics and Automation, 1997. CIRA'97., Proceedings., 1997 IEEE International Symposium on},
title={A frontier-based approach for autonomous exploration},
year={1997},
month={Jul},
pages={146-151},
keywords={intelligent control;laser beam applications;mobile robots;path planning;probability;sonar;autonomous exploration;evidence grids;frontier detection;laser-limited sonar;mobile robot;navigation;office environments;path planning;probability;specular reflections;Artificial intelligence;Humans;Indoor environments;Laboratories;Mobile robots;Orbital robotics;Sonar navigation;Space exploration;Testing},
doi={10.1109/CIRA.1997.613851},}

@ARTICLE{fontier05,
author={Burgard, W. and Moors, M. and Stachniss, C. and Schneider, F.E.},
journal={Robotics, IEEE Transactions on},
title={Coordinated multi-robot exploration},
year={2005},
month={June},
volume={21},
number={3},
pages={376-386},
keywords={cooperative systems;mobile robots;multi-robot systems;coordinated behavior;coordinated multi-robot exploration;decision theoretic approach;heterogeneous robots;unknown environment;Cleaning;Computer science;Costs;Helium;Mobile communication;Mobile robots;Reconnaissance;Robot kinematics;Robot sensing systems;Testing;Coordinated behavior;limited communication;mobile robotics;multi-robot exploration},
doi={10.1109/TRO.2004.839232},
ISSN={1552-3098},}

@article{Wsnsurvey,
title = {Wireless sensor network survey},
journal = {Computer Networks},
volume = {52},
number = {12},
pages = {2292 - 2330},
year = {2008},
note = {},
issn = {1389-1286},
doi = {DOI: 10.1016/j.comnet.2008.04.002},
url = {http://www.sciencedirect.com/science/article/B6VRG-4S8TBBT-1/2/b242d2fd1f6d2cf5c6fce0a24c4cb029},
author = {Jennifer Yick, Biswanath Mukherjee, Dipak Ghosal},
keywords = {Wireless sensor network},
keywords = {Protocols},
keywords = {Sensor network services},
keywords = {Sensor network deployment},
keywords = {Survey}
}



@INPROCEEDINGS{interference,
author={Kaixin Xu and Gerla, M. and Sang Bae},
booktitle={IEEE Global Telecommunications Conference, 2002.}, title={How effective is the IEEE 802.11 RTS/CTS handshake in ad hoc networks?},
year={2002},
month=nov.,
volume={1},
number={},
pages={ 72 - 76 vol.1},
doi={10.1109/GLOCOM.2002.1188044},
ISSN={ },}


@INPROCEEDINGS{1TINY1,
title={Tracking and Predicting Moving Targets in Hierarchical Sensor Networks},
author={Zhibo Wang and Hongbin Li and Xingfa Shen and Xice Sun and Zhi Wang},
booktitle={Networking, Sensing and Control, 2008. ICNSC 2008. IEEE International Conference on},
year={2008},
month={April},
volume={},
number={},
pages={1169-1173},
keywords={target tracking, wireless sensor networksVoronoi division, hierarchical prediction strategy, hierarchical sensor network, recursive least square technique, target tracking, wireless sensor network},
doi={10.1109/ICNSC.2008.4525393},
ISSN={}, }


@inproceedings{Khun,
 author = {Kuhn, H, W},
 title = {Variants of the Hungarian method for assignment problems},
 year = {1956},
 booktitle = {Naval Research Logistics Quarterly},
volume={3},
pages={253-258},
 }

@inproceedings{Munkres,
author = {Munkres, J},
title = {Algorithms for the Assignment and Transportation Problems},
year = {1957},
booktitle = {Journal of the Society for Industrial and Applied Mathematics},
volume={5(1)},
pages={32-38},
 }


@MISC{vigilnet,
title={Vigil\textsc{N}et: An \textsc{I}ntegrated \textsc{S}ensor \textsc{N}etwork \textsc{S}ystem for \textsc{E}nergy-\textsc{E}fficient \textsc{S}urveillance. \textsc{URL}:  http://www.cs.virginia.edu/wsn/vigilnet/},
url={ http://www.cs.virginia.edu/wsn/vigilnet/},
}

@MISC{realtime,
title={W\textsc{SN}s for \textsc{R}eal-\textsc{T}ime \textsc{M}otion \textsc{D}etection and \textsc{T}racking. \textsc{URL}: http://www.esd.ecs.soton.ac.uk/projects/553.html},
url={http://www.esd.ecs.soton.ac.uk/projects/553.html},
}

@inproceedings{hmac,
  title={An energy efficient hybrid MAC protocol for WSN containing mobile nodes},
  author={Srikanth, B and Harish, M and Bhattacharjee, R},
  booktitle={Information, Communications and Signal Processing (ICICS) 2011 8th International Conference on},
  pages={1--5},
  year={2011},
  organization={IEEE}
}


@article{aodv,
  title={Ad hoc on-demand distance vector (AODV) routing},
  author={Das, Samir R and Belding-Royer, Elizabeth M and Perkins, Charles E},
  year={2003}
}

@article{eeff,
  title={Energy conservation in wireless sensor networks: A survey},
  author={Anastasi, Giuseppe and Conti, Marco and Di Francesco, Mario and Passarella, Andrea},
  journal={Ad hoc networks},
  volume={7},
  number={3},
  pages={537--568},
  year={2009},
  publisher={Elsevier}
}


@article{eeff_q,
  title={Wireless integrated network sensors},
  author={Pottie, Gregory J and Kaiser, William J},
  journal={Communications of the ACM},
  volume={43},
  number={5},
  pages={51--58},
  year={2000},
  publisher={ACM}
}


@misc{eeff_tech,
  title={How to prolong the lifetime of wireless sensor networks},
  author={Anastasi, Giuseppe and Conti, M and Di Francesco, M and Passarella, Andrea},
  journal={Mobile Ad Hoc and Pervasive Communications},
  pages={1--26},
  year={2006},
  publisher={Valencia, CA: American Scientific Publishers, to be published}
}

@article{mobileMACSurvey,
  title={A survey on mobility and mobility-aware MAC protocols in wireless sensor networks},
  author={Dong, Qian and Dargie, Waltenegus},
  journal={Communications Surveys \& Tutorials, IEEE},
  volume={15},
  number={1},
  pages={88--100},
  year={2013},
  publisher={IEEE}
}


@article{mobModelsSurvey,
  title={A survey of mobility models for ad hoc network research},
  author={Camp, Tracy and Boleng, Jeff and Davies, Vanessa},
  journal={Wireless communications and mobile computing},
  volume={2},
  number={5},
  pages={483--502},
  year={2002},
  publisher={Wiley Online Library}
}

@inproceedings{smac,
  title={An energy-efficient MAC protocol for wireless sensor networks},
  author={Ye, Wei and Heidemann, John and Estrin, Deborah},
  booktitle={INFOCOM 2002. Twenty-First Annual Joint Conference of the IEEE Computer and Communications Societies. Proceedings. IEEE},
  volume={3},
  pages={1567--1576},
  year={2002},
  organization={IEEE}
}



@inproceedings{ms-mac,
  title={An adaptive mobility-aware MAC protocol for sensor networks (MS-MAC)},
  author={Pham, Huan and Jha, Sanjay},
  booktitle={Mobile Ad-hoc and Sensor Systems, 2004 IEEE International Conference on},
  pages={558--560},
  year={2004},
  organization={IEEE}
}



@inproceedings{m-mac,
  title={MMAC: A mobility-adaptive, collision-free mac protocol for wireless sensor networks},
  author={Ali, Muneeb and Suleman, Tashfeen and Uzmi, Zartash Afzal},
  booktitle={Performance, Computing, and Communications Conference, 2005. IPCCC 2005. 24th IEEE International},
  pages={401--407},
  year={2005},
  organization={IEEE}
}



@inproceedings{ma-mac,
  title={A mobility-aware medium access control protocol for wireless sensor networks},
  author={Zhiyong, Tang and Dargie, Waltenegus},
  booktitle={GLOBECOM Workshops (GC Wkshps), 2010 IEEE},
  pages={109--114},
  year={2010},
  organization={IEEE}
}



@inproceedings{mobisense,
  title={MobiSense: Power-efficient micro-mobility in wireless sensor networks},
  author={Gonga, Antonio and Landsiedel, Olaf and Johansson, Mikael},
  booktitle={Distributed Computing in Sensor Systems and Workshops (DCOSS), 2011 International Conference on},
  pages={1--8},
  year={2011},
  organization={IEEE}
}



@incollection{m-tdma,
  title={On the design of mobility-tolerant TDMA-based media access control (MAC) protocol for mobile sensor networks},
  author={Jhumka, Arshad and Kulkarni, Sandeep},
  booktitle={Distributed Computing and Internet Technology},
  pages={42--53},
  year={2007},
  publisher={Springer}
}


@article{floc,
  title={A fault-local self-stabilizing clustering service for wireless ad hoc networks},
  author={Demirbas, Murat and Arora, Anish and Mittal, Vineet and Kulathumani, Vinodkrishnan},
  journal={Parallel and Distributed Systems, IEEE Transactions on},
  volume={17},
  number={9},
  pages={912--922},
  year={2006},
  publisher={IEEE}
}



@inproceedings{mc-mac,
  title={MCMAC: An optimized medium access control protocol for mobile clusters in wireless sensor networks},
  author={Nabi, Majid and Blagojevic, Milos and Geilen, Marc and Basten, Twan and Hendriks, Teun},
  booktitle={Sensor Mesh and Ad Hoc Communications and Networks (SECON), 2010 7th Annual IEEE Communications Society Conference on},
  pages={1--9},
  year={2010},
  organization={IEEE}
}



